@book{Bott-Tu1982,
    AUTHOR = {Bott, Raoul and Tu, Loring W.},
     TITLE = {Differential forms in algebraic topology},
    SERIES = {Graduate Texts in Mathematics},
    VOLUME = {82},
 PUBLISHER = {Springer-Verlag, New York-Berlin},
      YEAR = {1982},
     PAGES = {xiv+331},
      ISBN = {0-387-90613-4},
   MRCLASS = {57R19 (55-02 58-01 58A12)},
  MRNUMBER = {658304},
MRREVIEWER = {Hansklaus Rummler},
}
@book{Fulton1995,
    AUTHOR = {Fulton, William},
     TITLE = {Algebraic topology},
    SERIES = {Graduate Texts in Mathematics},
    VOLUME = {153},
      NOTE = {A first course},
 PUBLISHER = {Springer-Verlag, New York},
      YEAR = {1995},
     PAGES = {xviii+430},
      ISBN = {0-387-94326-9; 0-387-94327-7},
   MRCLASS = {55-01 (30-01 57-01)},
  MRNUMBER = {1343250},
MRREVIEWER = {Ross Geoghegan},
       DOI = {10.1007/978-1-4612-4180-5},
       URL = {https://doi.org/10.1007/978-1-4612-4180-5},
}
@book{Spivak1965,
    AUTHOR = {Spivak, Michael},
     TITLE = {Calculus on manifolds. {A} modern approach to classical
              theorems of advanced calculus},
 PUBLISHER = {W. A. Benjamin, Inc., New York-Amsterdam},
      YEAR = {1965},
     PAGES = {xii+144},
   MRCLASS = {26.20 (57.00)},
  MRNUMBER = {0209411},
MRREVIEWER = {C. B. Allendoerfer},
}

@book{Bondy-Murty2008,
    AUTHOR = {Bondy, J. A. and Murty, U. S. R.},
     TITLE = {Graph theory},
    SERIES = {Graduate Texts in Mathematics},
    VOLUME = {244},
 PUBLISHER = {Springer, New York},
      YEAR = {2008},
     PAGES = {xii+651},
      ISBN = {978-1-84628-969-9},
   MRCLASS = {05-01 (05Cxx)},
  MRNUMBER = {2368647},
MRREVIEWER = {Arthur M. Hobbs},
       DOI = {10.1007/978-1-84628-970-5},
       URL = {https://doi.org/10.1007/978-1-84628-970-5},
}